<record><leader>00000cas a22000007a 4500</leader><controlfield tag="001">32293318</controlfield><controlfield tag="008">950412d20072013vauwr ne      0    0eng d</controlfield><datafield ind1=" " ind2=" " tag="010"><subfield code="a">sn 95079124 </subfield></datafield><datafield ind1=" " ind2=" " tag="040"><subfield code="a">NVK</subfield><subfield code="b">eng</subfield><subfield code="c">NVK</subfield><subfield code="d">OCLCQ</subfield><subfield code="d">NVK</subfield><subfield code="d">OCLCQ</subfield><subfield code="d">NVK</subfield><subfield code="d">OCLCF</subfield><subfield code="d">OCLCO</subfield></datafield><datafield ind1="1" ind2=" " tag="029"><subfield code="a">AU@</subfield><subfield code="b">000041336175</subfield></datafield><datafield ind1=" " ind2=" " tag="042"><subfield code="a">msc</subfield></datafield><datafield ind1=" " ind2=" " tag="043"><subfield code="a">n-us-va</subfield></datafield><datafield ind1="0" ind2="0" tag="245"><subfield code="a">Fauquier times-democrat &amp; citizen weekend.</subfield></datafield><datafield ind1="3" ind2=" " tag="246"><subfield code="a">Fauquier times democrat and citizen weekend</subfield></datafield><datafield ind1="3" ind2=" " tag="246"><subfield code="a">Fauquier times democrat weekend</subfield></datafield><datafield ind1="3" ind2=" " tag="246"><subfield code="a">Fauquier times weekend</subfield><subfield code="f">June 21, 2013-Sept. 13, 2013</subfield></datafield><datafield ind1=" " ind2=" " tag="260"><subfield code="a">Warrenton, Va. :</subfield><subfield code="b">Times Community Newspapers,</subfield><subfield code="c">2007-2013.</subfield></datafield><datafield ind1=" " ind2=" " tag="300"><subfield code="a">v.</subfield></datafield><datafield ind1=" " ind2=" " tag="310"><subfield code="a">Weekly</subfield></datafield><datafield ind1="0" ind2=" " tag="362"><subfield code="a">Vol. 1, no. 1 (Jan. 5, 2007)-v. 7, no. 36 (Sept. 13, 2013)</subfield></datafield><datafield ind1=" " ind2=" " tag="500"><subfield code="a">Times Community Newspapers also publishes: Rappahannock News, the Gainesville Times, Fauquier Times-Democrat, Culpeper Times (Culpeper, Va.), Times (McLean, Great Falls, Vienna Ed.), Times (Fairfax, Annandale Ed.), Times (Springfield, Burke Fairfax Station Ed.), Times (Centreville, Chantilly Ed.), Times (Reston Ed.), Times (Herndon Ed.), Alexandria Times.</subfield></datafield><datafield ind1=" " ind2="0" tag="651"><subfield code="a">Warrenton (Va.)</subfield><subfield code="v">Newspapers.</subfield></datafield><datafield ind1=" " ind2="0" tag="651"><subfield code="a">Fauquier County (Va.)</subfield><subfield code="v">Newspapers.</subfield></datafield><datafield ind1=" " ind2="7" tag="655"><subfield code="a">Newspapers.</subfield><subfield code="2">fast</subfield><subfield code="0">(OCoLC)fst01423814</subfield></datafield><datafield ind1=" " ind2="7" tag="651"><subfield code="a">Virginia</subfield><subfield code="z">Fauquier County.</subfield><subfield code="2">fast</subfield><subfield code="0">(OCoLC)fst01215058</subfield></datafield><datafield ind1=" " ind2="7" tag="651"><subfield code="a">Virginia</subfield><subfield code="z">Warrenton.</subfield><subfield code="2">fast</subfield><subfield code="0">(OCoLC)fst01206279</subfield></datafield><datafield ind1=" " ind2=" " tag="752"><subfield code="a">United States</subfield><subfield code="b">Virginia</subfield><subfield code="c">Fauquier</subfield><subfield code="d">Warrenton.</subfield></datafield><datafield ind1="0" ind2=" " tag="775"><subfield code="t">Fauquier times-democrat</subfield><subfield code="w">(DLC)sn 90002127</subfield></datafield><datafield ind1="0" ind2=" " tag="775"><subfield code="t">Fauquier times</subfield><subfield code="w">(DLC)  2010271412</subfield></datafield><datafield ind1="0" ind2="0" tag="780"><subfield code="t">Fauquier citizen</subfield><subfield code="w">(DLC)sn 88003618</subfield></datafield><datafield ind1="0" ind2="4" tag="785"><subfield code="t">Fauquier times</subfield><subfield code="w">(DLC)  2010271412</subfield></datafield></record>